<record><leader>00000cas a22000007a 4500</leader><controlfield tag="001">29884466</controlfield><controlfield tag="008">940228d199u199uutuwr ne      0   a0eng c</controlfield><datafield ind1=" " ind2=" " tag="010"><subfield code="a">sn 94000062 </subfield></datafield><datafield ind1=" " ind2=" " tag="040"><subfield code="a">NSD</subfield><subfield code="b">eng</subfield><subfield code="c">NSD</subfield><subfield code="d">OCLCQ</subfield></datafield><datafield ind1=" " ind2=" " tag="012"><subfield code="j">0</subfield><subfield code="m">d</subfield></datafield><datafield ind1="1" ind2=" " tag="022"><subfield code="a">1074-9268</subfield><subfield code="l">1074-9268</subfield><subfield code="y">1043-2949</subfield><subfield code="2">1</subfield></datafield><datafield ind1=" " ind2=" " tag="037"><subfield code="b">Eagle Newspapers, Inc., 155 E. 4905 South, Murray, Utah 84107</subfield></datafield><datafield ind1=" " ind2=" " tag="042"><subfield code="a">nsdp</subfield><subfield code="a">pcc</subfield></datafield><datafield ind1="0" ind2=" " tag="130"><subfield code="a">News eagle (Murray, Utah)</subfield></datafield><datafield ind1=" " ind2="0" tag="222"><subfield code="a">News eagle</subfield><subfield code="b">(Murray, Utah)</subfield></datafield><datafield ind1="1" ind2="0" tag="245"><subfield code="a">News eagle.</subfield></datafield><datafield ind1=" " ind2=" " tag="260"><subfield code="a">Murray, UT :</subfield><subfield code="b">Eagle Newspapers</subfield></datafield><datafield ind1=" " ind2=" " tag="300"><subfield code="a">v.</subfield></datafield><datafield ind1=" " ind2=" " tag="310"><subfield code="a">Weekly</subfield></datafield><datafield ind1=" " ind2=" " tag="588"><subfield code="a">Description based on: Vol. 10, no. 5 (Feb. 3, 1994).</subfield></datafield><datafield ind1=" " ind2=" " tag="752"><subfield code="a">United States</subfield><subfield code="b">Utah</subfield><subfield code="c">Salt Lake</subfield><subfield code="d">Murray.</subfield></datafield><datafield ind1="0" ind2="0" tag="780"><subfield code="t">Green Sheet (Murray, Utah)</subfield><subfield code="x">1043-2949</subfield><subfield code="w">(DLC)sn 89007285</subfield><subfield code="w">(OCoLC)19406456</subfield></datafield><datafield ind1="0" ind2="0" tag="785"><subfield code="t">Murray eagle</subfield><subfield code="x">1095-810X</subfield><subfield code="w">(DLC)sn 97001953</subfield></datafield></record>